@inproceedings{ProgramAnalysisBigData,
  author =       {James Stephen, Julian and Savvides, Savvas and
                  Seidel, Russell and Eugster, Patrick},
  title =        {Program Analysis for Secure Big Data Processing},
  booktitle =    {Proceedings of the 29th ACM/IEEE International
                  Conference on Automated Software Engineering},
  series =       {ASE '14},
  year =         2014,
  isbn =         {978-1-4503-3013-8},
  location =     {Vasteras, Sweden},
  pages =        {277--288},
  numpages =     12,
  url =          {http://doi.acm.org/10.1145/2642937.2643006},
  doi =          {10.1145/2642937.2643006},
  acmid =        2643006,
  publisher =    {ACM},
  address =      {New York, NY, USA},
  keywords =     {big data, cloud computing, privacy},
}

@inproceedings{InfFlowEnc,
  author =       {Mitchell, John C. and Sharma, Rahul and Stefan,
                  Deian and Zimmerman, Joe},
  title =        {Information-Flow Control for Programming on
                  Encrypted Data},
  booktitle =    {Proceedings of the 2012 IEEE 25th Computer Security
                  Foundations Symposium},
  series =       {CSF '12},
  year =         2012,
  isbn =         {978-0-7695-4718-3},
  pages =        {45--60},
  numpages =     16,
  url =          {http://dx.doi.org/10.1109/CSF.2012.30},
  doi =          {10.1109/CSF.2012.30},
  acmid =        2355239,
  publisher =    {IEEE Computer Society},
  address =      {Washington, DC, USA},
  keywords =     {information flow control, secure cloud computing,
                  domain-specific languages, homomorphic encryption,
                  multiparty computation},
}

@inproceedings{MrCrypt,
  author =       {Tetali, Sai Deep and Lesani, Mohsen and Majumdar,
                  Rupak and Millstein, Todd},
  title =        {MrCrypt: Static Analysis for Secure Cloud
                  Computations},
  booktitle =    {Proceedings of the 2013 ACM SIGPLAN International
                  Conference on Object Oriented Programming Systems
                  Languages \&\#38; Applications},
  series =       {OOPSLA '13},
  year =         2013,
  isbn =         {978-1-4503-2374-1},
  location =     {Indianapolis, Indiana, USA},
  pages =        {271--286},
  numpages =     16,
  url =          {http://doi.acm.org/10.1145/2509136.2509554},
  doi =          {10.1145/2509136.2509554},
  acmid =        2509554,
  publisher =    {ACM},
  address =      {New York, NY, USA},
  keywords =     {cloud computing, data confidentiality, encryption
                  scheme inference, homomorphic encryption},
}

@inproceedings{CryptDB,
  author =       {Popa, Raluca Ada and Redfield, Catherine M. S. and
                  Zeldovich, Nickolai and Balakrishnan, Hari},
  title =        {CryptDB: Protecting Confidentiality with Encrypted
                  Query Processing},
  booktitle =    {Proceedings of the Twenty-Third ACM Symposium on
                  Operating Systems Principles},
  series =       {SOSP '11},
  year =         2011,
  isbn =         {978-1-4503-0977-6},
  location =     {Cascais, Portugal},
  pages =        {85--100},
  numpages =     16,
  url =          {http://doi.acm.org/10.1145/2043556.2043566},
  doi =          {10.1145/2043556.2043566},
  acmid =        2043566,
  publisher =    {ACM},
  address =      {New York, NY, USA},
}

@inproceedings{Secure2PartyC,
  author =       {Holzer, Andreas and Franz, Martin and Katzenbeisser,
                  Stefan and Veith, Helmut},
  title =        {Secure Two-party Computations in ANSI C},
  booktitle =    {Proceedings of the 2012 ACM Conference on Computer
                  and Communications Security},
  series =       {CCS '12},
  year =         2012,
  isbn =         {978-1-4503-1651-4},
  location =     {Raleigh, North Carolina, USA},
  pages =        {772--783},
  numpages =     12,
  url =          {http://doi.acm.org/10.1145/2382196.2382278},
  doi =          {10.1145/2382196.2382278},
  acmid =        2382278,
  publisher =    {ACM},
  address =      {New York, NY, USA},
  keywords =     {compilers, model checking, privacy, secure
                  computations},
}

@inproceedings{VMCrypt,
  author =       {Malka, Lior},
  title =        {VMCrypt: Modular Software Architecture for Scalable
                  Secure Computation},
  booktitle =    {Proceedings of the 18th ACM Conference on Computer
                  and Communications Security},
  series =       {CCS '11},
  year =         2011,
  isbn =         {978-1-4503-0948-6},
  location =     {Chicago, Illinois, USA},
  pages =        {715--724},
  numpages =     10,
  url =          {http://doi.acm.org/10.1145/2046707.2046787},
  doi =          {10.1145/2046707.2046787},
  acmid =        2046787,
  publisher =    {ACM},
  address =      {New York, NY, USA},
  keywords =     {scalable, secure computation, software API},
}

@inproceedings{FasterCircuits,
  author =       {Huang, Yan and Evans, David and Katz, Jonathan and
                  Malka, Lior},
  title =        {Faster Secure Two-party Computation Using Garbled
                  Circuits},
  booktitle =    {Proceedings of the 20th USENIX Conference on
                  Security},
  series =       {SEC'11},
  year =         2011,
  location =     {San Francisco, CA},
  pages =        {35--35},
  numpages =     1,
  url =          {http://dl.acm.org/citation.cfm?id=2028067.2028102},
  acmid =        2028102,
  publisher =    {USENIX Association},
  address =      {Berkeley, CA, USA},
}

@inproceedings{ReusableGC,
  author =       {Goldwasser, Shafi and Kalai, Yael and Popa, Raluca
                  Ada and Vaikuntanathan, Vinod and Zeldovich,
                  Nickolai},
  title =        {Reusable Garbled Circuits and Succinct Functional
                  Encryption},
  booktitle =    {Proceedings of the Forty-fifth Annual ACM Symposium
                  on Theory of Computing},
  series =       {STOC '13},
  year =         2013,
  isbn =         {978-1-4503-2029-0},
  location =     {Palo Alto, California, USA},
  pages =        {555--564},
  numpages =     10,
  url =          {http://doi.acm.org/10.1145/2488608.2488678},
  doi =          {10.1145/2488608.2488678},
  acmid =        2488678,
  publisher =    {ACM},
  address =      {New York, NY, USA},
  keywords =     {functional encryption, obfuscation, reusable garbled
                  circuits},
}

@article{GCRecent,
  title =        {Yaoâ€™s Garbled Circuits: Recent Directions and
                  Implementations},
  author =       {Snyder, Peter},
  year =         2014
}

@inproceedings{Fairplay,
  author =       {Malkhi, Dahlia and Nisan, Noam and Pinkas, Benny and
                  Sella, Yaron},
  title =        {Fairplay\&\#8212;a Secure Two-party Computation
                  System},
  booktitle =    {Proceedings of the 13th Conference on USENIX
                  Security Symposium - Volume 13},
  series =       {SSYM'04},
  year =         2004,
  location =     {San Diego, CA},
  pages =        {20--20},
  numpages =     1,
  url =          {http://dl.acm.org/citation.cfm?id=1251375.1251395},
  acmid =        1251395,
  publisher =    {USENIX Association},
  address =      {Berkeley, CA, USA},
}

@inproceedings{Paillier,
  author =       {Paillier, Pascal},
  title =        {Public-key Cryptosystems Based on Composite Degree
                  Residuosity Classes},
  booktitle =    {Proceedings of the 17th International Conference on
                  Theory and Application of Cryptographic Techniques},
  series =       {EUROCRYPT'99},
  year =         1999,
  isbn =         {3-540-65889-0},
  location =     {Prague, Czech Republic},
  pages =        {223--238},
  numpages =     16,
  url =          {http://dl.acm.org/citation.cfm?id=1756123.1756146},
  acmid =        1756146,
  publisher =    {Springer-Verlag},
  address =      {Berlin, Heidelberg},
}

@inproceedings{OPE,
  author =       {Agrawal, Rakesh and Kiernan, Jerry and Srikant,
                  Ramakrishnan and Xu, Yirong},
  title =        {Order Preserving Encryption for Numeric Data},
  booktitle =    {Proceedings of the 2004 ACM SIGMOD International
                  Conference on Management of Data},
  series =       {SIGMOD '04},
  year =         2004,
  isbn =         {1-58113-859-8},
  location =     {Paris, France},
  pages =        {563--574},
  numpages =     12,
  url =          {http://doi.acm.org/10.1145/1007568.1007632},
  doi =          {10.1145/1007568.1007632},
  acmid =        1007632,
  publisher =    {ACM},
  address =      {New York, NY, USA},
}

@article{FreeApplicatives,
  doi =          {10.4204/eptcs.153.2},
  url =          {http://dx.doi.org/10.4204/eptcs.153.2},
  year =         2014,
  month =        {jun},
  publisher =    {Open Publishing Association},
  volume =       153,
  pages =        {2--30},
  author =       {Paolo Capriotti and Ambrus Kaposi},
  title =        {Free Applicative Functors},
  journal =      {Electronic Proceedings in Theoretical Computer
                  Science}
}

@article{Haxl,
  doi =          {10.1145/2692915.2628144},
  url =          {http://dx.doi.org/10.1145/2692915.2628144},
  year =         2014,
  month =        {aug},
  publisher =    {Association for Computing Machinery ({ACM})},
  volume =       49,
  number =       9,
  pages =        {325--337},
  author =       {Simon Marlow and Louis Brandy and Jonathan Coens and
                  Jon Purdy},
  title =        {There is no fork},
  journal =      {{ACM} {SIGPLAN} Notices}
}

@article{EssenceIterator,
  doi =          {10.1017/s0956796809007291},
  url =          {http://dx.doi.org/10.1017/s0956796809007291},
  year =         2009,
  month =        {jun},
  publisher =    {Cambridge University Press ({CUP})},
  volume =       19,
  number =       {3-4},
  pages =        377,
  author =       {JEREMY GIBBONS and BRUNO C. d. S. OLIVEIRA},
  title =        {The essence of the Iterator pattern},
  journal =      {J. Funct. Prog.}
}

@article{DataTypesALaCarte,
  abstract =     {{This paper describes a technique for assembling
                  both data types and functions from isolated
                  individual components. We also explore how the same
                  technology can be used to combine free monads and,
                  as a result, structure Haskell's monolithic IO
                  monad.}},
  author =       {Swierstra, Wouter},
  citeulike-article-id =4842697,
  citeulike-linkout-0
                  ={http://www.cs.nott.ac.uk/\~{}wss/Publications/DataTypesALaCarte.pdf},
  citeulike-linkout-1
                  ={http://journals.cambridge.org/action/displayAbstract?fromPage=online\&aid=1899152},
  citeulike-linkout-2 ={http://dx.doi.org/10.1017/s0956796808006758},
  doi =          {10.1017/s0956796808006758},
  journal =      {Journal of Functional Programming},
  keywords =     {expression-problem, haskell, type-classes},
  number =       04,
  pages =        {423--436},
  posted-at =    {2009-06-14 07:40:09},
  priority =     0,
  title =        {{Data types \~{A}Â  la carte}},
  url =
                  {http://www.cs.nott.ac.uk/\~{}wss/Publications/DataTypesALaCarte.pdf},
  volume =       18,
  year =         2008
}

@inproceedings{ScalaDGP,
  author =       {Oliveira, Bruno C.d.S. and Gibbons, Jeremy},
  title =        {Scala for Generic Programmers},
  booktitle =    {Proceedings of the ACM SIGPLAN Workshop on Generic
                  Programming},
  series =       {WGP '08},
  year =         2008,
  isbn =         {978-1-60558-060-9},
  location =     {Victoria, BC, Canada},
  pages =        {25--36},
  numpages =     12,
  url =          {http://doi.acm.org/10.1145/1411318.1411323},
  doi =          {10.1145/1411318.1411323},
  acmid =        1411323,
  publisher =    {ACM},
  address =      {New York, NY, USA},
  keywords =     {datatype-generic programming, polytypic programming,
                  scala},
}
